NYC_covid_timeline
@misc{NYC_covid_timeline,
  title = {A Historical Timeline of COVID-19 in New York City},
  author = {{A. Kerr}},
  howpublished = {\url{https://www.investopedia.com/historical-timeline-of-covid-19-in-new-york-city-5071986}},
  note = {Accessed: 2022-08-10}
}

@misc{TLC_data,
  title = {TLC trip record data.},
  author = {{New York City Taxi and Limousine Commission}},
  howpublished = {\url{https://www1.nyc.gov/site/tlc/about/tlc-trip-record-data.page}},
  note = {Accessed: 2022-08-08}
}

@misc{COVID_data,
  title = {COVID-19 Daily Counts of Cases, Hospitalizations, and Deaths},
  author = {{New York City Open Data}},
  howpublished = {\url{https://data.cityofnewyork.us/Health/COVID-19-Daily-Counts-of-Cases-Hospitalizations-an/rc75-m7u3}},
  note = {Accessed: 2022-08-08}
}

@misc{longest_ubers,
  title = {4 Longest Uber Rides Ever Recorded},
  author = {{J. Jones}},
  howpublished = {\url{https://largest.org/misc/longest-uber-rides/}},
  note = {Accessed: 2022-08-09}
}

@misc{YT_max_passengers,
  title = {New York City Taxi and Limousine Commission},
  author = {{J. Jones}},
  howpublished = {\url{https://www1.nyc.gov/site/tlc/passengers/passenger-frequently-asked-questions.page}},
  note = {Accessed: 2022-08-09}
}

@misc{JFK_airport,
  title = {John F. Kennedy International Airport in New York},
  author = {{Hotels.com}},
  howpublished = {\url{https://au.hotels.com/go/usa/john-f-kennedy-international-airport}},
  note = {Accessed: 2022-08-11}
}

@misc{rmse,
  title = {RMSE: Root Mean Square Error},
  author = {{Statistics How To}},
  howpublished = {\url{https://www.statisticshowto.com/probability-and-statistics/regression-analysis/rmse-root-mean-square-error/}},
  note = {Accessed: 2022-08-19}
}

@misc{r_squared,
  title = {R-Squared},
  author = {{J. Fernando}},
  howpublished = {\url{https://www.investopedia.com/terms/r/r-squared.asp}},
  note = {Accessed: 2022-08-19}
}
